@online{HS110,
	title = {TP-Link HS 110},
	urldate = {2021-04-15},
	url = {https://www.tp-link.com/cz/home-networking/smart-plug/hs110/},
}

@online{PI,
	title = {Raspberry Pi 4 Model B},
	urldate = {2021-04-15},
	url = {https://www.raspberrypi.org/products/raspberry-pi-4-model-b/},
}

@online{NETCORE,
	title = {.NET Core},
	urldate = {2021-04-15},
	url = {https://docs.microsoft.com/en-us/dotnet/fundamentals/},
}

@online{SQLite,
	title = {SQLite},
	urldate = {2021-04-15},
	url = {https://www.sqlite.org/},
}

@online{React,
	title = {React},
	urldate = {2021-04-15},
	url = {https://reactjs.org/},
}

@online{Recharts,
	title = {Recharts},
	urldate = {2021-04-15},
	url = {http://recharts.org/},
}

@online{Plotly,
	title = {Plotly},
	urldate = {2021-04-15},
	url = {https://plotly.com/javascript/react/},
}

@online{KASA,
	title = {TP-Link HS110 Reverse Engineering},
	urldate = {2021-04-15},
	url = {https://www.softscheck.com/en/reverse-engineering-tp-link-hs110/},
}

@online{MaterialUI,
	title = {Material-UI},
	urldate = {2021-04-15},
	url = {https://material-ui.com/},
}

@online{axios,
	title = {axios},
	urldate = {2021-04-15},
	url = {https://github.com/axios/axios/},
}


@book{PofEAA,
	author       = {Martin Fowler},
	title        = {Patterns of Enterprise Application Architecture},
	date         = 2002,
	isbn         = {0321127420},
	publisher    = {Addison-Wesley Professional},
	langid       = {english},
	langidopts   = {variant=american},
	shorttitle   = {P of EAA},
}