@book{doe13,
	address    = {City},
	title      = {A nice title},
	shorttitle = {Short title},
	publisher  = {Publisher},
	author     = {Doe, John},
	year       = {2013}
}